@article{Ristic2005,
    title = {{Taking control of reflexive social attention.}},
    year = {2005},
    journal = {Cognition},
    author = {Ristic, Jelena and Kingstone, Alan},
    number = {3},
    month = {1},
    pages = {55--65},
    volume = {94},
    url = {http://www.ncbi.nlm.nih.gov/pubmed/15617667},
    doi = {10.1016/j.cognition.2004.04.005},
    issn = {0010-0277},
    pmid = {15617667},
    keywords = {Attention, Humans, Reaction Time, Social Behavior, Temporal Lobe, Temporal Lobe: physiology, Visual Perception, Visual Perception: physiology}
}

@article{Hietanen1999,
    title = {{Does your gaze direction and head orientation shift my visual attention?}},
    year = {1999},
    journal = {Neuroreport},
    author = {Hietanen, J K},
    number = {16},
    pages = {3443--3447},
    volume = {10},
    address = {ENGLAND},
    isbn = {0959-4965},
    pmid = {10599859},
    keywords = {Adult, Attention, Cues, Eye Movements, Face, Female, Functional Laterality, Gaze Cueing, Head Movements, Humans, Male, Reaction Time, Spatial Cueing, Visual Attention, clinical trial, randomized controlled trial, research support, non-u.s. gov't},
    language = {eng}
}

@article{Quadflieg2004,
    title = {{The owl and the pussycat: Gaze cues and visuospatial orienting}},
    year = {2004},
    journal = {Psychonomic Bulletin {\&} Review},
    author = {Quadflieg, Susanne and Mason, Malia F and Macrae, C Neil},
    number = {5},
    pages = {826--831},
    volume = {11},
    isbn = {1069-9384},
    doi = {10.3758/BF03196708},
    keywords = {Gaze Cueing, Inhibition of return, Spatial Cueing}
}

@article{Dalmaso2011,
    title = {{Social status gates social attention in humans Subject collections Social status gates social attention in humans}},
    year = {2011},
    author = {Dalmaso, Mario and Pavan, Giulia and Castelli, Luigi and Galfano, Giovanni},
    number = {November},
    keywords = {8, although physical shapes and, artificially masculinized than for, attention, deeply influence individual ranking, feminized faces, gaze cuing, hormonal levels can, social cognition, within the group}
}

@article{Friesen1998,
    title = {{The eyes have it! Reflexive orienting is triggered by nonpredictive gaze}},
    year = {1998},
    journal = {Psychonomic Bulletin {\&} Review},
    author = {Friesen, Chris Kelland and Kingstone, Alan},
    number = {3},
    pages = {490--495},
    volume = {5},
    isbn = {1069-9384},
    doi = {10.3758/BF03208827},
    keywords = {Gaze Cueing, Gaze Following, Social Cognition, Spatial Cueing, attentional focus}
}

@article{Teufel2010Mental-state,
    title = {{Mental-state attribution drives rapid ,}},
    year = {2010},
    author = {Teufel, Christoph and ALexis, Dean M and Clayton, Nicolas and Davis, Greg},
    number = {3},
    pages = {695--705},
    volume = {72},
    doi = {10.3758/APP}
}

@article{Swanson2013PatternsDisorder,
    title = {{Patterns of gaze behavior during an eye-tracking measure of joint attention in typically developing children and children with autism spectrum disorder}},
    year = {2013},
    journal = {Research in Autism Spectrum Disorders},
    author = {Swanson, Meghan R. and Siller, Michael},
    number = {9},
    month = {9},
    pages = {1087--1096},
    volume = {7},
    publisher = {Elsevier Ltd},
    url = {http://linkinghub.elsevier.com/retrieve/pii/S1750946713001098},
    doi = {10.1016/j.rasd.2013.05.007},
    issn = {17509467},
    keywords = {Autism spectrum disorder, Endophenotype, Eye-tracking, Gaze following, Response to joint attention}
}

@article{Guillon2014VisualStudies,
    title = {{Visual social attention in autism spectrum disorder: Insights from eye tracking studies}},
    year = {2014},
    journal = {Neuroscience and Biobehavioral Reviews},
    author = {Guillon, Quentin and Hadjikhani, Nouchine and Baduel, Sophie and Rog{\'{e}}, Bernadette},
    month = {5},
    pages = {279--297},
    volume = {42},
    publisher = {Elsevier Ltd},
    url = {http://www.ncbi.nlm.nih.gov/pubmed/24694721},
    doi = {10.1016/j.neubiorev.2014.03.013},
    issn = {1873-7528},
    pmid = {24694721},
    keywords = {Autism, Autism spectrum disorder, Eye-tracking, Visual social attention}
}

@article{Frischen2007AnnotationAttention,
    title = {{Annotation Summary from Gaze Cueing of Attention}},
    year = {2007},
    author = {{Frischen}}
}

@inproceedings{Terrizzi2013CovertInfancy,
    title = {{Covert “ gaze ” -cueing to a novel agent in adulthood and childhood {\ldots} but not in infancy}},
    year = {2013},
    author = {Terrizzi, Brandon F and Beier, Jonathan S},
    pages = {2013},
    volume = {14}
}

@article{Teufel2009SocialDirection,
    title = {{Social Cognition Modulates the Sensory Coding of Observed Gaze Direction}},
    year = {2009},
    journal = {Current Biology},
    author = {Teufel, Christoph and Alexis, Dean M. and Todd, Helena and Lawrance-Owen, Adam J. and Clayton, Nicola S. and Davis, Greg},
    number = {15},
    month = {8},
    pages = {1274--1277},
    volume = {19},
    publisher = {Elsevier Ltd},
    url = {http://www.ncbi.nlm.nih.gov/pubmed/19559619},
    doi = {10.1016/j.cub.2009.05.069},
    issn = {1879-0445},
    pmid = {19559619},
    keywords = {SYSNEURO}
}

@misc{Mmc2,
    title = {{mmc2}}
}

@article{Frischen2007Europe:,
    title = {{Europe PMC Funders Group Gaze Cueing of Attention :}},
    year = {2007},
    journal = {Differences},
    author = {Frischen, Alexandra},
    number = {4},
    pages = {694--724},
    volume = {133},
    keywords = {attention, communicate complex mental states, expressive surrounding region can, face perception, gaze cueing, highly, is a rich and, joint attention, language of the eyes, social cognition, such as emotions, the, the eyes and their, varied vocabulary}
}

@article{Wiese2012IOthers,
    title = {{I See What You Mean: How Attentional Selection Is Shaped by Ascribing Intentions to Others}},
    year = {2012},
    journal = {PLoS ONE},
    author = {Wiese, Eva and Wykowska, Agnieszka and Zwickel, Jan and M{\"{u}}ller, Hermann J.},
    number = {9},
    month = {1},
    pages = {e45391},
    volume = {7},
    url = {http://www.pubmedcentral.nih.gov/articlerender.fcgi?artid=3458834&tool=pmcentrez&rendertype=abstract},
    doi = {10.1371/journal.pone.0045391},
    issn = {1932-6203},
    pmid = {23049794},
    keywords = {Adult, Attention, Attention: physiology, Cognition, Cognition: physiology, Cues, Emotions, Face, Female, Humans, Intention, Male, Robotics, Social Facilitation, Social Perception, Visual Perception}
}

@article{Kano2014Cross-speciesAdults,
    title = {{Cross-species variation in gaze following and conspecific preference among great apes, human infants and adults}},
    year = {2014},
    journal = {Animal Behaviour},
    author = {Kano, Fumihiro and Call, Josep},
    month = {5},
    pages = {136--149},
    volume = {91},
    publisher = {Elsevier Ltd},
    url = {http://www.sciencedirect.com/science/article/pii/S0003347214001286},
    doi = {10.1016/j.anbehav.2014.03.011},
    issn = {00033472},
    keywords = {conspecific model, gaze following, great ape, human infant, species difference}
}

@article{Friesen2005DoesAttention,
    title = {{Does gaze direction really trigger a reflexive shift of spatial attention?}},
    year = {2005},
    journal = {Brain and Cognition},
    author = {Friesen, Chris Kelland and Moore, Chris and Kingstone, Alan},
    number = {1},
    month = {2},
    pages = {66--69},
    volume = {57},
    url = {http://www.ncbi.nlm.nih.gov/pubmed/15629217},
    doi = {10.1016/j.bandc.2004.08.025},
    issn = {0278-2626},
    pmid = {15629217},
    keywords = {Adult, Attention, Attention: physiology, Cerebral Cortex, Cerebral Cortex: physiology, Field Dependence-Independence, Fixation, Ocular, Fixation, Ocular: physiology, Humans, Perceptual Masking, Perceptual Masking: physiology, Reaction Time, Reaction Time: physiology, Space Perception, Space Perception: physiology, Visual Fields, Visual Fields: physiology}
}

@article{Teufel2010SeeingPerception,
    title = {{Seeing other minds: Attributed mental states influence perception}},
    year = {2010},
    journal = {Trends in Cognitive Sciences},
    author = {Teufel, Christoph and Fletcher, Paul C. and Davis, Greg},
    number = {8},
    month = {8},
    pages = {376--382},
    volume = {14},
    publisher = {Elsevier Ltd},
    url = {http://www.ncbi.nlm.nih.gov/pubmed/20576464},
    doi = {10.1016/j.tics.2010.05.005},
    issn = {1879-307X},
    pmid = {20576464},
    keywords = {Brain, Brain: physiology, Humans, Models, Psychological, Orientation, Perception, Perception: physiology, Social Perception, Theory of Mind, Theory of Mind: physiology}
}

@misc{Mmc1,
    title = {{mmc1}}
}

@article{Hawley1999ThePerspective,
    title = {{The Ontogenesis of Social Dominance: A Strategy-Based Evolutionary Perspective,}},
    year = {1999},
    journal = {Developmental Review},
    author = {Hawley, P},
    number = {1},
    month = {3},
    pages = {97--132},
    volume = {19},
    url = {http://linkinghub.elsevier.com/retrieve/pii/S0273229798904701},
    doi = {10.1006/drev.1998.0470},
    issn = {02732297}
}

@article{Kaufmann2014WiredCulture,
    title = {{Wired for Society: Cognizing Pathways to Society and Culture}},
    year = {2014},
    journal = {Topoi},
    author = {Kaufmann, Laurence and Cl{\'{e}}ment, Fabrice},
    number = {2},
    month = {1},
    pages = {459--475},
    volume = {33},
    url = {http://link.springer.com/10.1007/s11245-014-9236-9},
    doi = {10.1007/s11245-014-9236-9},
    issn = {0167-7411},
    keywords = {1 introduction, affordances {\'{a}} social relationships, cognitive science {\'{a}} naı, fear of nature, from the perspective of, philosophy of, the history of the}
}

@article{Carr1990AOwl.,
    title = {{A circuit for detection of interaural time differences in the brain stem of the barn owl.}},
    year = {1990},
    journal = {The Journal of neuroscience : the official journal of the Society for Neuroscience},
    author = {Carr, C E and Konishi, M},
    number = {10},
    month = {10},
    pages = {3227--46},
    volume = {10},
    url = {http://www.ncbi.nlm.nih.gov/pubmed/2213141},
    issn = {0270-6474},
    pmid = {2213141},
    keywords = {Acoustic Stimulation, Action Potentials, Afferent Pathways, Afferent Pathways: anatomy {\&} histology, Afferent Pathways: physiology, Animals, Auditory Perception, Auditory Perception: physiology, Axons, Axons: physiology, Birds, Birds: physiology, Brain Stem, Brain Stem: anatomy {\&} histology, Brain Stem: physiology, Electric Conductivity, Neurons, Neurons: physiology, Neurons: ultrastructure, Sound Localization, Sound Localization: physiology, Time Factors}
}

@article{Joris1998InJeffress,
    title = {{in the Auditory System : 50 Years after Jeffress}},
    year = {1998},
    author = {Joris, Philip X and Smith, Philip H and Yin, Tom C T},
    pages = {1235--1238},
    volume = {21}
}

@article{Fox2014WhatIt,
    title = {{What Do We Know about Sensitive Periods in Human Development and How Do We Know It?}},
    year = {2014},
    journal = {Human Development},
    author = {Fox, Nathan a.},
    number = {4},
    pages = {173--175},
    volume = {57},
    url = {http://www.karger.com?doi=10.1159/000363663},
    doi = {10.1159/000363663},
    issn = {1423-0054}
}

@article{Knudsen2004SensitiveBehavior.,
    title = {{Sensitive periods in the development of the brain and behavior.}},
    year = {2004},
    journal = {Journal of cognitive neuroscience},
    author = {Knudsen, Eric I},
    number = {8},
    month = {10},
    pages = {1412--25},
    volume = {16},
    url = {http://www.ncbi.nlm.nih.gov/pubmed/15509387},
    doi = {10.1162/0898929042304796},
    issn = {0898-929X},
    pmid = {15509387},
    keywords = {Animals, Behavior, Animal, Behavior, Animal: physiology, Birds, Brain, Brain: growth {\&} development, Brain: physiology, Critical Period (Psychology), Imprinting (Psychology), Imprinting (Psychology): physiology, Mammals, Neuronal Plasticity, Neuronal Plasticity: physiology, Space Perception, Space Perception: physiology, Visual Perception, Visual Perception: physiology, Vocalization, Animal, Vocalization, Animal: physiology}
}

@article{Lewis2005MultipleChildren.,
    title = {{Multiple sensitive periods in human visual development: evidence from visually deprived children.}},
    year = {2005},
    journal = {Developmental psychobiology},
    author = {Lewis, Terri L and Maurer, Daphne},
    number = {3},
    month = {4},
    pages = {163--83},
    volume = {46},
    url = {http://www.ncbi.nlm.nih.gov/pubmed/15772974},
    doi = {10.1002/dev.20055},
    issn = {0012-1630},
    pmid = {15772974},
    keywords = {Adolescent, Cataract, Cataract: physiopathology, Child, Child, Preschool, Critical Period (Psychology), Humans, Infant, Neuronal Plasticity, Neuronal Plasticity: physiology, Sensory Deprivation, Sensory Deprivation: physiology, Vision Disorders, Vision Disorders: physiopathology, Vision, Ocular, Vision, Ocular: physiology}
}

@misc{Maurer2007.pdf,
    title = {{Maurer et al 2007.pdf}}
}

@article{2014SelectiveDesimone,
    title = {{Selective Attention Gates Visual Processing in the Extrastriate Cortex Author ( s ): Jeffrey Moran and Robert Desimone}},
    year = {2014},
    number = {4715},
    pages = {782--784},
    volume = {229}
}

@article{Baldauf2014NeuralAttention.,
    title = {{Neural mechanisms of object-based attention.}},
    year = {2014},
    journal = {Science (New York, N.Y.)},
    author = {Baldauf, Daniel and Desimone, Robert},
    number = {6182},
    month = {4},
    pages = {424--7},
    volume = {344},
    url = {http://www.ncbi.nlm.nih.gov/pubmed/24763592},
    doi = {10.1126/science.1247003},
    issn = {1095-9203},
    pmid = {24763592},
    keywords = {Adult, Attention, Brain, Brain Mapping, Brain: physiology, Diffusion Tensor Imaging, Female, Frontal Lobe, Frontal Lobe: physiology, Functional Laterality, Humans, Magnetic Resonance Imaging, Magnetoencephalography, Male, Temporal Lobe, Temporal Lobe: physiology, Visual Cortex, Visual Cortex: physiology, Visual Perception, Young Adult}
}

@article{Zhang2014Long-rangeProcessing,
    title = {{Long-range and local circuits for top-down modulation of visual cortex processing}},
    year = {2014},
    journal = {Science},
    author = {Zhang, S. and Xu, M. and Kamigaki, T. and Hoang Do, J. P. and Chang, W.-C. and Jenvay, S. and Miyamichi, K. and Luo, L. and Dan, Y.},
    number = {6197},
    month = {8},
    pages = {660--665},
    volume = {345},
    url = {http://www.sciencemag.org/cgi/doi/10.1126/science.1254126},
    doi = {10.1126/science.1254126},
    issn = {0036-8075}
}

@article{Treisman1986FeaturesProcessing,
    title = {{Features and Objects in Visual Processing}},
    year = {1986},
    journal = {Scientific American},
    author = {Treisman, Anne},
    number = {5},
    month = {11},
    pages = {114--125},
    volume = {255},
    url = {http://www.nature.com/doifinder/10.1038/scientificamerican1186-114B},
    doi = {10.1038/scientificamerican1186-114B},
    issn = {0036-8733}
}

@article{Logothetis2001NeurophysiologicalSignal.,
    title = {{Neurophysiological investigation of the basis of the fMRI signal.}},
    year = {2001},
    journal = {Nature},
    author = {Logothetis, N K and Pauls, J and Augath, M and Trinath, T and Oeltermann, a},
    number = {6843},
    month = {7},
    pages = {150--7},
    volume = {412},
    url = {http://www.ncbi.nlm.nih.gov/pubmed/11449264},
    doi = {10.1038/35084005},
    issn = {0028-0836},
    pmid = {11449264},
    keywords = {Action Potentials, Animals, Contrast Sensitivity, Electrodes, Electrophysiology, Hemodynamics, Macaca mulatta, Magnetic Resonance Imaging, Neurons, Neurons: physiology, Oxygen, Oxygen: blood, Photic Stimulation, Signal Processing, Computer-Assisted, Synaptic Transmission, Visual Cortex, Visual Cortex: physiology}
}

@article{Eales2014TheFlexibility.,
    title = {{The MK2/3 cascade regulates AMPAR trafficking and cognitive flexibility.}},
    year = {2014},
    journal = {Nature communications},
    author = {Eales, Katherine L and Palygin, Oleg and O'Loughlin, Thomas and Rasooli-Nejad, Seyed and Gaestel, Matthias and M{\"{u}}ller, Jürgen and Collins, Dawn R and Pankratov, Yuriy and Corr{\^{e}}a, Sonia a L},
    number = {May},
    month = {1},
    pages = {4701},
    volume = {5},
    url = {http://www.ncbi.nlm.nih.gov/pubmed/25134715},
    doi = {10.1038/ncomms5701},
    issn = {2041-1723},
    pmid = {25134715}
}

@article{Shors1997Long-termIt,
    title = {{Long-term potentiation: what's learning got to do with it?}},
    year = {1997},
    journal = {The Behavioral and brain sciences},
    author = {Shors, T J and Matzel, L D},
    number = {4},
    month = {12},
    pages = {597--614},
    volume = {20},
    url = {http://www.ncbi.nlm.nih.gov/pubmed/10097007},
    issn = {0140-525X},
    pmid = {10097007},
    keywords = {Attention, Attention: physiology, Cognition, Cognition: physiology, Conditioning, Classical, Hippocampus, Hippocampus: physiology, Humans, Learning, Learning: physiology, N-Methylaspartate, N-Methylaspartate: physiology, Neuronal Plasticity, Neuronal Plasticity: physiology, Space Perception, Space Perception: physiology, Synapses, Synapses: physiology, Theta Rhythm, Time Factors}
}

@article{Ben-Ari2002ExcitatoryNurture.,
    title = {{Excitatory actions of gaba during development: the nature of the nurture.}},
    year = {2002},
    journal = {Nature reviews. Neuroscience},
    author = {Ben-Ari, Yehezkel},
    number = {9},
    month = {9},
    pages = {728--39},
    volume = {3},
    url = {http://www.ncbi.nlm.nih.gov/pubmed/12209121},
    doi = {10.1038/nrn920},
    issn = {1471-003X},
    pmid = {12209121},
    keywords = {Animals, Cell Differentiation, Cell Differentiation: physiology, Chloride Channels, Chloride Channels: metabolism, Excitatory Postsynaptic Potentials, Excitatory Postsynaptic Potentials: physiology, Glutamic Acid, Glutamic Acid: metabolism, Hippocampus, Hippocampus: cytology, Hippocampus: growth {\&} development, Hippocampus: metabolism, Humans, Nerve Net, Nerve Net: cytology, Nerve Net: growth {\&} development, Nerve Net: metabolism, Receptors, GABA, Receptors, GABA: metabolism, Receptors, Glutamate, Receptors, Glutamate: metabolism, Synaptic Transmission, Synaptic Transmission: physiology, gamma-Aminobutyric Acid, gamma-Aminobutyric Acid: metabolism}
}

@article{Jantzie2014ErythropoietinInjury.,
    title = {{Erythropoietin attenuates loss of potassium chloride co-transporters following prenatal brain injury.}},
    year = {2014},
    journal = {Molecular and cellular neurosciences},
    author = {Jantzie, L L and Getsy, P M and Firl, D J and Wilson, C G and Miller, R H and Robinson, S},
    month = {7},
    pages = {152--62},
    volume = {61},
    publisher = {Elsevier Inc.},
    url = {http://www.ncbi.nlm.nih.gov/pubmed/24983520},
    doi = {10.1016/j.mcn.2014.06.009},
    issn = {1095-9327},
    pmid = {24983520},
    keywords = {Calpain, Erythropoietin, Hypoxia-ischemia, KCC2, Perinatal brain injury}
}

@article{Yang2012SleepCortex.,
    title = {{Sleep contributes to dendritic spine formation and elimination in the developing mouse somatosensory cortex.}},
    year = {2012},
    journal = {Developmental neurobiology},
    author = {Yang, Guang and Gan, Wen-Biao},
    number = {11},
    month = {11},
    pages = {1391--8},
    volume = {72},
    url = {http://www.pubmedcentral.nih.gov/articlerender.fcgi?artid=3404222&tool=pmcentrez&rendertype=abstract},
    doi = {10.1002/dneu.20996},
    issn = {1932-846X},
    pmid = {22058046},
    keywords = {Animals, Animals, Newborn, Dendritic Spines, Dendritic Spines: physiology, Mice, Mice, Transgenic, Microscopy, Fluorescence, Multiphoton, Neuronal Plasticity, Neuronal Plasticity: physiology, Pseudopodia, Pseudopodia: physiology, Sleep, Sleep: physiology, Somatosensory Cortex, Somatosensory Cortex: growth {\&} development, Synapses, Synapses: physiology, Wakefulness, Wakefulness: physiology}
}

@article{Davis2008WntsFormation.,
    title = {{Wnts acting through canonical and noncanonical signaling pathways exert opposite effects on hippocampal synapse formation.}},
    year = {2008},
    journal = {Neural development},
    author = {Davis, Elizabeth K and Zou, Yimin and Ghosh, Anirvan},
    month = {1},
    pages = {32},
    volume = {3},
    url = {http://www.pubmedcentral.nih.gov/articlerender.fcgi?artid=2596118&tool=pmcentrez&rendertype=abstract},
    isbn = {1749810433},
    doi = {10.1186/1749-8104-3-32},
    issn = {1749-8104},
    pmid = {18986540},
    keywords = {Animals, Animals, Newborn, Blotting, Western, Cell Culture Techniques, Cell Line, Culture Media, Conditioned, Culture Media, Conditioned: metabolism, Culture Media, Conditioned: pharmacology, Frizzled Receptors, Frizzled Receptors: genetics, Frizzled Receptors: metabolism, Hippocampus, Hippocampus: cytology, Hippocampus: drug effects, Hippocampus: metabolism, Humans, Immunohistochemistry, In Situ Hybridization, Neurons, Neurons: cytology, Neurons: drug effects, Neurons: metabolism, Proto-Oncogene Proteins, Proto-Oncogene Proteins: genetics, Proto-Oncogene Proteins: metabolism, Rats, Rats, Long-Evans, Signal Transduction, Synapses, Synapses: metabolism, Transfection, Wnt Proteins, Wnt Proteins: genetics, Wnt Proteins: metabolism, Wnt3 Protein}
}

@article{Cogsdill2014InferringStudy.,
    title = {{Inferring character from faces: a developmental study.}},
    year = {2014},
    journal = {Psychological science},
    author = {Cogsdill, Emily J and Todorov, Alexander T and Spelke, Elizabeth S and Banaji, Mahzarin R},
    number = {5},
    month = {5},
    pages = {1132--9},
    volume = {25},
    url = {http://www.ncbi.nlm.nih.gov/pubmed/24570261},
    doi = {10.1177/0956797614523297},
    issn = {1467-9280},
    pmid = {24570261},
    keywords = {11, 13, 14, 15, and facial appear-, cognitive development, faces command attention and, interest, open data, open materials, physical appearance, received 6, revision accepted 1, social cognition, social perception}
}

@article{Sultan2011NewbornErased.,
    title = {{Newborn neurons in the olfactory bulb selected for long-term survival through olfactory learning are prematurely suppressed when the olfactory memory is erased.}},
    year = {2011},
    journal = {The Journal of neuroscience : the official journal of the Society for Neuroscience},
    author = {Sultan, Sébastien and Rey, Nolwen and Sacquet, Joelle and Mandairon, Nathalie and Didier, Anne},
    number = {42},
    month = {10},
    pages = {14893--8},
    volume = {31},
    url = {http://www.ncbi.nlm.nih.gov/pubmed/22016522},
    doi = {10.1523/JNEUROSCI.3677-11.2011},
    issn = {1529-2401},
    pmid = {22016522},
    keywords = {Analysis of Variance, Animals, Behavior, Animal, Bromodeoxyuridine, Bromodeoxyuridine: metabolism, Cell Count, Conditioning (Psychology), Conditioning (Psychology): physiology, Cues, Early Growth Response Protein 1, Early Growth Response Protein 1: metabolism, Enzyme Inhibitors, Enzyme Inhibitors: pharmacology, Male, Mice, Mice, Inbred C57BL, Neurogenesis, Neurogenesis: physiology, Neurogenesis: radiation effects, Neurons, Neurons: physiology, Odors, Olfactory Bulb, Olfactory Bulb: cytology, Olfactory Bulb: drug effects, Oligopeptides, Oligopeptides: pharmacology, Phosphopyruvate Hydratase, Phosphopyruvate Hydratase: metabolism, Photic Stimulation, Proto-Oncogene Proteins c-fos, Proto-Oncogene Proteins c-fos: metabolism, Reaction Time, Reaction Time: drug effects, Reaction Time: physiology, Retention (Psychology), Retention (Psychology): drug effects, Retention (Psychology): physiology, Reward, Smell, Smell: physiology, Smell: radiation effects, Time Factors}
}

@article{Taylor2012VisualStudy.,
    title = {{Visual cortex in dementia with Lewy bodies: magnetic resonance imaging study.}},
    year = {2012},
    journal = {The British journal of psychiatry : the journal of mental science},
    author = {Taylor, John-Paul and Firbank, Michael J and He, Jiabao and Barnett, Nicola and Pearce, Sarah and Livingstone, Anthea and Vuong, Quoc and McKeith, Ian G and O'Brien, John T},
    number = {6},
    month = {6},
    pages = {491--8},
    volume = {200},
    url = {http://www.pubmedcentral.nih.gov/articlerender.fcgi?artid=3365275&tool=pmcentrez&rendertype=abstract},
    doi = {10.1192/bjp.bp.111.099432},
    issn = {1472-1465},
    pmid = {22500014},
    keywords = {Aged, Aged, 80 and over, Brain Mapping, Brain Mapping: methods, Case-Control Studies, Cerebrovascular Circulation, Cerebrovascular Circulation: physiology, Female, Humans, Lewy Bodies, Lewy Bodies: pathology, Lewy Bodies: physiology, Lewy Body Disease, Lewy Body Disease: pathology, Lewy Body Disease: physiopathology, Magnetic Resonance Imaging, Male, Motion Perception, Motion Perception: physiology, Photic Stimulation, Visual Acuity, Visual Acuity: physiology, Visual Cortex, Visual Cortex: pathology, Visual Cortex: physiopathology}
}

@article{Jones2010FacialObservers.,
    title = {{Facial cues of dominance modulate the short-term gaze-cuing effect in human observers.}},
    year = {2010},
    journal = {Proceedings. Biological sciences / The Royal Society},
    author = {Jones, Benedict C and DeBruine, Lisa M and Main, Julie C and Little, Anthony C and Welling, Lisa L M and Feinberg, David R and Tiddeman, Bernard P},
    number = {1681},
    month = {2},
    pages = {617--24},
    volume = {277},
    url = {http://www.pubmedcentral.nih.gov/articlerender.fcgi?artid=2842686&tool=pmcentrez&rendertype=abstract},
    doi = {10.1098/rspb.2009.1575},
    issn = {1471-2954},
    pmid = {19864283},
    keywords = {Adult, Attention, Cues, Face, Female, Humans, Male, Photic Stimulation, Sex Factors, Social Dominance, Time Factors, Visual Perception, Visual Perception: physiology}
}

@article{Ohlsen2013GenderFollow.,
    title = {{Gender and facial dominance in gaze cuing: emotional context matters in the eyes that we follow.}},
    year = {2013},
    journal = {PloS one},
    author = {Ohlsen, Garian and van Zoest, Wieske and van Vugt, Mark},
    number = {4},
    month = {1},
    pages = {e59471},
    volume = {8},
    url = {http://www.pubmedcentral.nih.gov/articlerender.fcgi?artid=3616071&tool=pmcentrez&rendertype=abstract},
    doi = {10.1371/journal.pone.0059471},
    issn = {1932-6203},
    pmid = {23573199},
    keywords = {Adolescent, Adult, Attention, Dominance-Subordination, Emotions, Facial Expression, Female, Fixation, Ocular, Humans, Intention, Male, Sex Factors, Statistics, Nonparametric, Young Adult}
}

@article{Treinen2012L-eyeDesires.,
    title = {{L-eye to me: the combined role of Need for Cognition and facial trustworthiness in mimetic desires.}},
    year = {2012},
    journal = {Cognition},
    author = {Treinen, Evelyne and Corneille, Olivier and Luypaert, Gaylord},
    number = {2},
    month = {2},
    pages = {247--51},
    volume = {122},
    url = {http://www.ncbi.nlm.nih.gov/pubmed/22082622},
    doi = {10.1016/j.cognition.2011.10.006},
    issn = {1873-7838},
    pmid = {22082622},
    keywords = {Adolescent, Attention, Cognition, Facial Expression, Female, Humans, Judgment, Male, Orientation, Photic Stimulation, Social Perception, Theory of Mind, Trust, Young Adult}
}

@article{Dalmaso2014TemporalAttention.,
    title = {{Temporal dynamics underlying the modulation of social status on social attention.}},
    year = {2014},
    journal = {PloS one},
    author = {Dalmaso, Mario and Galfano, Giovanni and Coricelli, Carol and Castelli, Luigi},
    number = {3},
    month = {1},
    pages = {e93139},
    volume = {9},
    url = {http://www.pubmedcentral.nih.gov/articlerender.fcgi?artid=3965511&tool=pmcentrez&rendertype=abstract},
    doi = {10.1371/journal.pone.0093139},
    issn = {1932-6203},
    pmid = {24667700}
}

@article{Jones2011FurtherObservers,
    title = {{Further Evidence That Facial Cues of Dominance Modulate Gaze Cuing in Human Observers}},
    year = {2011},
    journal = {Swiss Journal of Psychology},
    author = {Jones, Benedict C. and Main, Julie C. and Little, Anthony C. and DeBruine, Lisa M.},
    number = {4},
    month = {12},
    pages = {193--197},
    volume = {70},
    url = {http://psycontent.metapress.com/openurl.asp?genre=article&id=doi:10.1024/1421-0185/a000056},
    doi = {10.1024/1421-0185/a000056},
    issn = {1421-0185},
    keywords = {attention, dominance, gaze, masculinity}
}

@misc{HartlyCatherineASensitiveLearning,
    title = {{Sensitive Periods in Affective Development: Nnlinear Maturation of Fear Learning}},
    author = {Hartly, Catherine A, Francis S Lee}
}

@article{Thomsen2011BigDominance.,
    title = {{Big and mighty: preverbal infants mentally represent social dominance.}},
    year = {2011},
    journal = {Science (New York, N.Y.)},
    author = {Thomsen, Lotte and Frankenhuis, Willem E and Ingold-Smith, McCaila and Carey, Susan},
    number = {6016},
    month = {1},
    pages = {477--80},
    volume = {331},
    url = {http://www.pubmedcentral.nih.gov/articlerender.fcgi?artid=3860821&tool=pmcentrez&rendertype=abstract},
    doi = {10.1126/science.1199198},
    issn = {1095-9203},
    pmid = {21273490},
    keywords = {Analysis of Variance, Attention, Cognition, Cues, Female, Humans, Infant, Learning, Male, Social Dominance, Social Perception}
}

@article{Mascaro2012RepresentationInfants,
    title = {{Representation of stable social dominance relations by human infants}},
    year = {2012},
    author = {Mascaro, Olivier and Csibra, Gergely},
    volume = {2012},
    doi = {10.1073/pnas.1113194109/-/DCSupplemental.www.pnas.org/cgi/doi/10.1073/pnas.1113194109}
}

@article{Charafeddine2014HowEnvironment,
    title = {{How Preschoolers Use Cues of Dominance to Make Sense of Their Social Environment}},
    year = {2014},
    journal = {Journal of Cognition and Development},
    author = {Charafeddine, Rawan and Mercier, Hugo and Cl{\'{e}}ment, Fabrice and Kaufmann, Laurence and Berchtold, André and Reboul, Anne and Van der Henst, Jean-Baptiste},
    number = {July},
    month = {7},
    pages = {140722080919001},
    url = {http://www.tandfonline.com/doi/abs/10.1080/15248372.2014.926269},
    doi = {10.1080/15248372.2014.926269},
    issn = {1524-8372}
}

@article{Cavanagh2014FrontalEvidence,
    title = {{Frontal midline theta reflects anxiety and cognitive control: Meta-analytic evidence}},
    year = {2014},
    journal = {Journal of Physiology},
    author = {Cavanagh, James and Shackman, Alexander},
    keywords = {Anterior cingulate cortex (ACC), Anxiety, Behavioral inhibition, Cognitive control, Emotion, Error-related negativity (ERN), Feedback-related negativity (FRN), N2, Post-error slowing, Theta}
}

@article{Papez1937AEmotion,
    title = {{A proposed Mechanism of Emotion}},
    year = {1937},
    journal = {Archives of Neurology and Psychiatry},
    author = {Papez, James},
    pages = {725--743},
    publisher = {Archives of Neurology and Psychiatry}
}

@article{Shackman2011TheCortex.,
    title = {{The integration of negative affect, pain and cognitive control in the cingulate cortex.}},
    year = {2011},
    journal = {Nature reviews. Neuroscience},
    author = {Shackman, Alexander J and Salomons, Tim V and Slagter, Heleen a and Fox, Andrew S and Winter, Jameel J and Davidson, Richard J},
    number = {3},
    month = {3},
    pages = {154--67},
    volume = {12},
    url = {http://www.pubmedcentral.nih.gov/articlerender.fcgi?artid=3044650&tool=pmcentrez&rendertype=abstract},
    doi = {10.1038/nrn2994},
    issn = {1471-0048},
    pmid = {21331082},
    keywords = {Animals, Cognition, Cognition: physiology, Emotions, Emotions: physiology, Gyrus Cinguli, Gyrus Cinguli: physiology, Humans, Pain, Pain: physiopathology, Pain: psychology, Reinforcement (Psychology)}
}

@article{Shackman2013NeuralTemperament.,
    title = {{Neural mechanisms underlying heterogeneity in the presentation of anxious temperament.}},
    year = {2013},
    journal = {Proceedings of the National Academy of Sciences of the United States of America},
    author = {Shackman, Alexander J and Fox, Andrew S and Oler, Jonathan a and Shelton, Steven E and Davidson, Richard J and Kalin, Ned H},
    number = {15},
    month = {4},
    pages = {6145--50},
    volume = {110},
    url = {http://www.pubmedcentral.nih.gov/articlerender.fcgi?artid=3625282&tool=pmcentrez&rendertype=abstract},
    doi = {10.1073/pnas.1214364110},
    issn = {1091-6490},
    pmid = {23538303},
    keywords = {Amygdala, Amygdala: physiology, Animals, Anxiety, Anxiety: metabolism, Anxiety: pathology, Brain, Brain Mapping, Brain Mapping: methods, Brain: metabolism, Brain: pathology, Depression, Depression: metabolism, False Positive Reactions, Female, Hippocampus, Hippocampus: physiology, Hydrocortisone, Hydrocortisone: blood, Hydrocortisone: metabolism, Macaca mulatta, Male, Models, Animal, Models, Neurological, Neuroimaging, Neuroimaging: methods, Phenotype, Radioimmunoassay, Time Factors}
}

@article{FugelsangBrain-BasedReasoning,
    title = {{Brain-Based Mechanisms Underlying Causal Reasoning}},
    author = {Fugelsang, J A and Dunbar, K N},
    pages = {263--274}
}

@article{Green2012NeuralReasoning,
    title = {{Neural Correlates of Creativity in Analogical Reasoning}},
    year = {2012},
    author = {Green, Adam E and Kraemer, David J M and Fugelsang, Jonathan A and Gray, Jeremy R and Dunbar, Kevin N},
    number = {2},
    pages = {264--272},
    volume = {38},
    doi = {10.1037/a0025764},
    keywords = {10, 1037, 2002, a0025764, analogical reasoning, analogical reasoning has been, barnett, ceci, cognitive, creativity, doi, dx, fmri, for creativity, frontopolar, http, mapping, org, process that is important, supp, supplemental materials, widely identified as a}
}

@article{SteveninckReproducibilityTrains,
    title = {{Reproducibility and Variability in Neural Spike Trains}},
    author = {Steveninck, Rob R De Ruyter Van and Lewen, Geoffrey D and Strong, Steven P and Koberle, Roland and Bialek, William}
}

@article{Hadj-Bouziane2012AmygdalaCortex.,
    title = {{Amygdala lesions disrupt modulation of functional MRI activity evoked by facial expression in the monkey inferior temporal cortex.}},
    year = {2012},
    journal = {Proceedings of the National Academy of Sciences of the United States of America},
    author = {Hadj-Bouziane, Fadila and Liu, Ning and Bell, Andrew H and Gothard, Katalin M and Luh, Wen-Ming and Tootell, Roger B H and Murray, Elisabeth a and Ungerleider, Leslie G},
    number = {52},
    month = {12},
    pages = {3640--8},
    volume = {109},
    url = {http://www.pubmedcentral.nih.gov/articlerender.fcgi?artid=3535608&tool=pmcentrez&rendertype=abstract},
    doi = {10.1073/pnas.1218406109},
    issn = {1091-6490},
    pmid = {23184972},
    keywords = {Amygdala, Amygdala: pathology, Amygdala: physiopathology, Animals, Brain Mapping, Evoked Potentials, Evoked Potentials: physiology, Facial Expression, Macaca mulatta, Macaca mulatta: physiology, Magnetic Resonance Imaging, Male, Temporal Lobe, Temporal Lobe: physiopathology}
}

@article{Tan2014DynamicLearning.,
    title = {{Dynamic neural correlates of motor error monitoring and adaptation during trial-to-trial learning.}},
    year = {2014},
    journal = {The Journal of neuroscience : the official journal of the Society for Neuroscience},
    author = {Tan, Huiling and Jenkinson, Ned and Brown, Peter},
    number = {16},
    month = {4},
    pages = {5678--88},
    volume = {34},
    url = {http://www.pubmedcentral.nih.gov/articlerender.fcgi?artid=3988417&tool=pmcentrez&rendertype=abstract},
    doi = {10.1523/JNEUROSCI.4739-13.2014},
    issn = {1529-2401},
    pmid = {24741058},
    keywords = {Adaptation, Physiological, Adaptation, Physiological: physiology, Adolescent, Adult, Brain Mapping, Cortical Synchronization, Cortical Synchronization: physiology, Electroencephalography, Female, Functional Laterality, Humans, Learning, Learning: physiology, Male, Models, Statistical, Motor Cortex, Motor Cortex: physiology, Movement, Movement: physiology, Photic Stimulation, Psychomotor Performance, Rotation, Visual Perception, Young Adult}
}

@article{Beyer2009MolecularDiseases.,
    title = {{Molecular pathology of Lewy body diseases.}},
    year = {2009},
    journal = {International journal of molecular sciences},
    author = {Beyer, Katrin and Domingo-S{\`{a}}bat, Montserrat and Ariza, Aurelio},
    number = {3},
    month = {3},
    pages = {724--45},
    volume = {10},
    url = {http://www.pubmedcentral.nih.gov/articlerender.fcgi?artid=2671999&tool=pmcentrez&rendertype=abstract},
    doi = {10.3390/ijms10030724},
    issn = {1422-0067},
    pmid = {19399218},
    keywords = {Alternative Splicing, Humans, Lewy Bodies, Lewy Bodies: chemistry, Lewy Bodies: metabolism, Lewy Body Disease, Lewy Body Disease: metabolism, Lewy Body Disease: pathology, Mitochondria, Mitochondria: metabolism, Presenilins, Presenilins: genetics, Presenilins: metabolism, Proteasome Endopeptidase Complex, Proteasome Endopeptidase Complex: metabolism, Protein Isoforms, Protein Isoforms: genetics, Protein Isoforms: metabolism, Ubiquitin, Ubiquitin: metabolism, alpha-Synuclein, alpha-Synuclein: genetics, alpha-Synuclein: metabolism}
}

@article{Sheskin2014Life-historyDevelopment.,
    title = {{Life-history theory explains childhood moral development.}},
    year = {2014},
    journal = {Trends in cognitive sciences},
    author = {Sheskin, Mark and Chevallier, Coralie and Lambert, Stéphane and Baumard, Nicolas},
    month = {9},
    pages = {1--3},
    url = {http://www.ncbi.nlm.nih.gov/pubmed/25204219},
    doi = {10.1016/j.tics.2014.08.004},
    issn = {1879-307X},
    pmid = {25204219},
    keywords = {cultural differences, development, fairness, morality, prosocial}
}

@article{Olivola2014SocialChoices,
    title = {{Social attributions from faces bias human choices}},
    year = {2014},
    journal = {Trends in Cognitive Sciences},
    author = {Olivola, Christopher Y. and Funk, Friederike and Todorov, Alexander},
    number = {11},
    month = {10},
    pages = {566--570},
    volume = {18},
    publisher = {Elsevier Ltd},
    url = {http://linkinghub.elsevier.com/retrieve/pii/S1364661314002095},
    doi = {10.1016/j.tics.2014.09.007},
    issn = {13646613},
    keywords = {facial appearance, facial stereotyping, human decision-making, person perception, social judgment}
}

@article{Prinz2004SimilarParameters.,
    title = {{Similar network activity from disparate circuit parameters.}},
    year = {2004},
    journal = {Nature neuroscience},
    author = {Prinz, Astrid a and Bucher, Dirk and Marder, Eve},
    number = {12},
    month = {12},
    pages = {1345--52},
    volume = {7},
    url = {http://www.ncbi.nlm.nih.gov/pubmed/15558066},
    doi = {10.1038/nn1352},
    issn = {1097-6256},
    pmid = {15558066},
    keywords = {Action Potentials, Action Potentials: physiology, Animals, Crustacea, Nerve Net, Nerve Net: physiology, Neurons, Neurons: physiology, Synapses, Synapses: physiology}
}

@article{Harvey2012Choice-specificTask,
    title = {{Choice-specific sequences in parietal cortex during a virtual- navigation decision task}},
    year = {2012},
    author = {{Harvey}},
    number = {7392},
    pages = {62--68},
    volume = {484},
    doi = {10.1038/nature10918.Choice-specific}
}

@article{Briggman2005OpticalDecision-making.,
    title = {{Optical imaging of neuronal populations during decision-making.}},
    year = {2005},
    journal = {Science (New York, N.Y.)},
    author = {Briggman, K L and Abarbanel, H D I and Kristan, W B},
    number = {5711},
    month = {2},
    pages = {896--901},
    volume = {307},
    url = {http://www.ncbi.nlm.nih.gov/pubmed/15705844},
    doi = {10.1126/science.1103736},
    issn = {1095-9203},
    pmid = {15705844},
    keywords = {Analysis of Variance, Animals, Central Nervous System, Central Nervous System: cytology, Central Nervous System: physiology, Coloring Agents, Decision Making, Discriminant Analysis, Electric Stimulation, Fluorescence Resonance Energy Transfer, Ganglia, Invertebrate, Ganglia, Invertebrate: cytology, Ganglia, Invertebrate: physiology, Interneurons, Interneurons: physiology, Leeches, Leeches: cytology, Leeches: physiology, Locomotion, Membrane Potentials, Microelectrodes, Motor Neurons, Motor Neurons: physiology, Neurons, Neurons: physiology, Principal Component Analysis, Swimming}
}

@article{Kidd2013RationalReliability.,
    title = {{Rational snacking: young children's decision-making on the marshmallow task is moderated by beliefs about environmental reliability.}},
    year = {2013},
    journal = {Cognition},
    author = {Kidd, Celeste and Palmeri, Holly and Aslin, Richard N},
    number = {1},
    month = {1},
    pages = {109--14},
    volume = {126},
    publisher = {Elsevier B.V.},
    url = {http://www.pubmedcentral.nih.gov/articlerender.fcgi?artid=3730121&tool=pmcentrez&rendertype=abstract},
    doi = {10.1016/j.cognition.2012.08.004},
    issn = {1873-7838},
    pmid = {23063236},
    keywords = {Aging, Aging: psychology, Attitude, Child, Child, Preschool, Choice Behavior, Culture, Decision Making, Environment, Female, Food Preferences, Food Preferences: psychology, Humans, Individuality, Linear Models, Male, Reward, Self Concept, Sex Characteristics}
}

@article{Hyowon2011The1.,
    title = {{The experimenter pushed a button on the green obviously different from the experimenter ’ s, the 1.}},
    year = {2011},
    author = {Hyowon, Schulz},
    number = {June},
    pages = {2011},
    volume = {332}
}

@article{Schulz2012TheChildhood.,
    title = {{The origins of inquiry: inductive inference and exploration in early childhood.}},
    year = {2012},
    journal = {Trends in cognitive sciences},
    author = {Schulz, Laura},
    number = {7},
    month = {7},
    pages = {382--9},
    volume = {16},
    url = {http://www.ncbi.nlm.nih.gov/pubmed/22721579},
    doi = {10.1016/j.tics.2012.06.004},
    issn = {1879-307X},
    pmid = {22721579},
    keywords = {Child, Child Behavior, Child Development, Child Development: physiology, Child, Preschool, Exploratory Behavior, Humans, Infant, Learning, Problem Solving, Science, Science: methods}
}

@misc{867294.pdf,
    title = {{867294.pdf}}
}

@article{Pearce2012Strategy-dependentCortex.,
    title = {{Strategy-dependent encoding of planned arm movements in the dorsal premotor cortex.}},
    year = {2012},
    journal = {Science (New York, N.Y.)},
    author = {Pearce, Thomas M and Moran, Daniel W},
    number = {6097},
    month = {8},
    pages = {984--8},
    volume = {337},
    url = {http://www.pubmedcentral.nih.gov/articlerender.fcgi?artid=3667666&tool=pmcentrez&rendertype=abstract},
    doi = {10.1126/science.1220642},
    issn = {1095-9203},
    pmid = {22821987},
    keywords = {Animals, Arm, Arm: innervation, Arm: physiology, Biomechanical Phenomena, Brain Mapping, Cues, Hand, Hand: innervation, Hand: physiology, Macaca mulatta, Mental Processes, Motor Activity, Motor Cortex, Motor Cortex: physiology, Movement, Neurons, Neurons: physiology, Psychomotor Performance}
}

@article{Hodgkin1952ANERVE,
    title = {{A QUANTITATIVE DESCRIPTION OF MEMBRANE CURRENT AND ITSAPPLICATIONTO CONDUCTION AND EXCITATION IN NERVE}},
    year = {1952},
    author = {Hodgkin, A L and Huxley, A F},
    pages = {500--544}
}

@article{Flor1998CorticalAmputees,
    title = {{Cortical reorganization and phantom phenomena in congenital and traumatic upper-extremity amputees}},
    year = {1998},
    author = {Flor, Herta and Elbert, Thomas and M{\"{u}}hlnickel, Werner},
    pages = {205--212},
    keywords = {congenital aplasia, cortical plasticity, human, neuromagnetic source imaging, phantom limb pain, traumatic amputation}
}

@article{Park2014DopaminergicDisease.,
    title = {{Dopaminergic modulation of motor coordinaton in Parkinson's disease.}},
    year = {2014},
    journal = {Parkinsonism {\&} related disorders},
    author = {Park, Jaebum and Lewis, Mechelle M and Huang, Xuemei and Latash, Mark L},
    number = {1},
    month = {1},
    pages = {64--8},
    volume = {20},
    publisher = {Elsevier Ltd},
    url = {http://www.ncbi.nlm.nih.gov/pubmed/24090949},
    doi = {10.1016/j.parkreldis.2013.09.019},
    issn = {1873-5126},
    pmid = {24090949},
    keywords = {Aged, Antiparkinson Agents, Antiparkinson Agents: therapeutic use, Female, Fingers, Humans, Levodopa, Levodopa: therapeutic use, Male, Middle Aged, Muscle Contraction, Muscle Contraction: drug effects, Parkinson Disease, Parkinson Disease: drug therapy, Parkinson Disease: physiopathology, Psychomotor Performance, Psychomotor Performance: drug effects}
}

@article{Verosky2013WhenFaces,
    title = {{When physical similarity matters: Mechanisms underlying affective learning generalization to the evaluation of novel faces}},
    year = {2013},
    journal = {Journal of Experimental Social Psychology},
    author = {Verosky, Sara C. and Todorov, Alexander},
    number = {4},
    month = {7},
    pages = {661--669},
    volume = {49},
    publisher = {Elsevier Inc.},
    url = {http://linkinghub.elsevier.com/retrieve/pii/S0022103113000322},
    doi = {10.1016/j.jesp.2013.02.004},
    issn = {00221031},
    keywords = {Automaticity, Face learning, Overgeneralization, Perceptual similarity, Trait impressions}
}

@article{Luby2013TheEvents.,
    title = {{The effects of poverty on childhood brain development: the mediating effect of caregiving and stressful life events.}},
    year = {2013},
    journal = {JAMA pediatrics},
    author = {Luby, Joan and Belden, Andy and Botteron, Kelly and Marrus, Natasha and Harms, Michael P and Babb, Casey and Nishino, Tomoyuki and Barch, Deanna},
    number = {12},
    month = {12},
    pages = {1135--42},
    volume = {167},
    url = {http://www.pubmedcentral.nih.gov/articlerender.fcgi?artid=4001721&tool=pmcentrez&rendertype=abstract},
    doi = {10.1001/jamapediatrics.2013.3139},
    issn = {2168-6211},
    pmid = {24165922},
    keywords = {Brain, Brain: growth {\&} development, Caregivers, Child, Child Development, Depression, Depression: epidemiology, Depression: etiology, Female, Humans, Life Change Events, Longitudinal Studies, Magnetic Resonance Imaging, Male, Poverty, Poverty: statistics {\&} numerical data, Stress, Psychological, Washington}
}

@article{Nelson2013BiologicalAdversity,
    title = {{Biological Embedding of Early Life Adversity}},
    year = {2013},
    author = {Nelson, Charles A},
    number = {1},
    pages = {1--2},
    doi = {10.1001/jamapediatrics.2013.3139.2}
}

@article{RationalXu,
    title = {{Rational Statistical Inference and Cognitive Development Fei Xu}},
    pages = {1--40},
    volume = {3}
}

@article{Xu2011RationalCognition,
    title = {{Rational constructivism, statistical inference, and core cognition}},
    year = {2011},
    journal = {Behavioral and Brain Sciences},
    author = {Xu, Fei},
    number = {03},
    month = {5},
    pages = {151--152},
    volume = {34},
    url = {http://www.journals.cambridge.org/abstract_S0140525X10002724},
    doi = {10.1017/S0140525X10002724},
    issn = {0140-525X}
}

@article{Terburg2011EyeFaces.,
    title = {{Eye tracking unconscious face-to-face confrontations: dominance motives prolong gaze to masked angry faces.}},
    year = {2011},
    journal = {Psychological science},
    author = {Terburg, David and Hooiveld, Nicole and Aarts, Henk and Kenemans, J Leon and van Honk, Jack},
    number = {3},
    month = {3},
    pages = {314--9},
    volume = {22},
    url = {http://www.ncbi.nlm.nih.gov/pubmed/21303993},
    doi = {10.1177/0956797611398492},
    issn = {1467-9280},
    pmid = {21303993},
    keywords = {Anger, Attention, Cues, Dominance-Subordination, Facial Expression, Female, Fixation, Ocular, Happiness, Humans, Inhibition (Psychology), Male, Motivation, Nonverbal Communication, Pattern Recognition, Visual, Perceptual Masking, Reaction Time, Reward, Saccades, Stroop Test, Unconscious (Psychology), Young Adult}
}

@misc{GazeFollowingOhlsenzoestVugtPLoSONE2012mvv20July2012,
    title = {{GazeFollowingOhlsenzoestVugtPLoSONE2012mvv20July2012}}
}

@article{Fuhrman1989OnStatements,
    title = {{On the trait implications of social behaviors : Kindness , intelligence , goodness , and normality ratings for 400 behavior statements}},
    year = {1989},
    author = {Fuhrman, Robert W and Bodenhausen, Galen V},
    number = {6},
    pages = {587--597},
    volume = {21}
}

@article{Oosterhof2008TheEvaluation.,
    title = {{The functional basis of face evaluation.}},
    year = {2008},
    journal = {Proceedings of the National Academy of Sciences of the United States of America},
    author = {Oosterhof, Nikolaas N and Todorov, Alexander},
    number = {32},
    month = {8},
    pages = {11087--92},
    volume = {105},
    url = {http://www.pubmedcentral.nih.gov/articlerender.fcgi?artid=2516255&tool=pmcentrez&rendertype=abstract},
    doi = {10.1073/pnas.0805664105},
    issn = {1091-6490},
    pmid = {18685089},
    keywords = {Computer Simulation, Emotions, Face, Humans, Image Processing, Computer-Assisted, Image Processing, Computer-Assisted: methods}
}

@article{Food2000InhibitoryCortex,
    title = {{Inhibitory threshold for critical-period activation in primary visual cortex}},
    year = {2000},
    author = {Food, J E and Fagiolini, Michela and Hensch, Takao K},
    number = {1991},
    pages = {5--8},
    volume = {674}
}

@article{Gu2014ObligatoryPlasticity,
    title = {{Obligatory role for the immediate early gene NARP in critical period plasticity}},
    year = {2014},
    author = {Gu, Yu and Huang, Shiyong and Chang, Michael and Worley, Paul and Kirkwood, Alfredo},
    number = {2},
    pages = {335--346},
    volume = {79},
    doi = {10.1016/j.neuron.2013.05.016.Obligatory}
}

@article{Caspi2014The,
    title = {{The p Factor : One General Psychopathology Factor in the Structure of Psychiatric Disorders ?}},
    year = {2014},
    author = {Caspi, Avshalom and Houts, Renate M and Belsky, Daniel W and Goldman-mellor, Sidra J and Harrington, Honalee and Meier, Madeline H and Ramrakha, Sandhya and Shalev, Idan and Poulton, Richie and Moffitt, Terrie E},
    doi = {10.1177/2167702613497473},
    keywords = {10, 13, 14, a psychiatric nosology, developmental psychopathology, dis-, dsm, psychiatric epidemiology, received 5, revision accepted 6, the classification of mental}
}

@article{Krueger2006UnderstandingModel,
    title = {{Understanding Psychopathology: Melding Behavior Genetics, Personality, and Quantitative Psychology to Develop an Empirically Based Model}},
    year = {2006},
    author = {Krueger, Robert F and Markon, Kristian E},
    pages = {113--117},
    keywords = {a historical crossroads, categories, classification, comorbidity, dimensions, dsm, powerful, psychopathology research is at, statistics}
}

@article{Harper2016StimulusTask,
    title = {{Stimulus sequence context differentially modulates inhibition- related theta and delta band activity in a go / no-go task}},
    year = {2016},
    journal = {Psychophysiology},
    author = {Harper, Jeremy and Malone, Stephen M and Bachman, Matthew D and Bernat, Edward M},
    number = {5},
    pages = {712--722},
    volume = {53},
    url = {http://dx.doi.org/10.1111/psyp.12604},
    doi = {10.1111/psyp.12604},
    keywords = {Delta, EEG, Response inhibition, Sequential effects, Theta, Time-frequency}
}

@article{Harper2014ThetaTask,
    title = {{Theta and delta band activity explain N2 and P3 ERP component activity in a go/no-go task}},
    year = {2014},
    journal = {Clinical Neurophysiology},
    author = {Harper, Jeremy and Malone, Stephen M and Bernat, Edward M},
    number = {1},
    pages = {124--132},
    volume = {125},
    doi = {10.1016/j.clinph.2013.06.025},
    keywords = {EEG, delta, response inhibition, theta, time-frequency}
}

@article{Bernat2011ExternalizingAnalysis.,
    title = {{Externalizing psychopathology and gain-loss feedback in a simulated gambling task: dissociable components of brain response revealed by time-frequency analysis.}},
    year = {2011},
    journal = {Journal of Abnormal Psychology},
    author = {Bernat, Edward M and Nelson, Lindsay D and Steele, Vaughn R and Gehring, William J and Patrick, Christopher J},
    number = {2},
    pages = {352--364},
    volume = {120},
    isbn = {0021-843X},
    doi = {10.1037/a0022124},
    issn = {0021-843X},
    pmid = {21319875},
    keywords = {disinhibition, externalizing, feedback-related negativity, performance monitoring, time}
}

@article{Bernat2005DecomposingPCA,
    title = {{Decomposing ERP time-frequency energy using PCA}},
    year = {2005},
    journal = {Clinical Neurophysiology},
    author = {Bernat, Edward M. and Williams, William J. and Gehring, William J.},
    number = {6},
    pages = {1314--1334},
    volume = {116},
    isbn = {1388-2457 (Print){\textbackslash}r1388-2457 (Linking)},
    doi = {10.1016/j.clinph.2005.01.019},
    issn = {13882457},
    pmid = {15978494},
    keywords = {Decomposition, ERP, Method, Time-frequency, Wavelet}
}

@article{Jiang2011NeuralInformation,
    title = {{Neural Encoding of Facial Expression Information}},
    year = {2011},
    journal = {NeuroImage},
    author = {Jiang, Yi and Shannon, Robert W and Vizueta, Nathalie and Bernat, Edward M and Patrick, Christopher J},
    number = {3},
    pages = {1171--1177},
    volume = {44},
    doi = {10.1016/j.neuroimage.2008.09.038.Dynamics},
    issn = {1095-9572},
    pmid = {18976712},
    keywords = {awareness, erp, event-related potential, face, facial expression}
}

@article{Hall2007ExternalizingNegativity,
    title = {{Externalizing Psychopathology and the Error-Related Negativity}},
    year = {2007},
    journal = {Psychol Sci},
    author = {Hall, Jason R and Bernat, Edward M and Patrick, Christopher J},
    number = {4},
    pages = {326--333},
    volume = {18},
    doi = {10.1111/j.1467-9280.2007.01899.x.Externalizing}
}

@article{Vaidyanathan2009StartleFear,
    title = {{Startle Reflex Potentiation During Aversive Picture Viewing as an Indicator of Trait Fear}},
    year = {2009},
    author = {Vaidyanathan, Uma and Patrick, Christopher J and Bernat, Edward M},
    number = {1},
    pages = {75--85},
    volume = {46},
    doi = {10.1111/j.1469-8986.2008.00751.x.Startle}
}

@article{Patrick2009NeurobiologyPsychopathy,
    title = {{Neurobiology of Psychopathy}},
    year = {2009},
    journal = {Handbook of Adolescent Psychology},
    author = {Patrick, Christopher J. and Bernat, Edward M.},
    pages = {1110--1131},
    url = {http://doi.wiley.com/10.1002/9780470478509.neubb002057},
    isbn = {978-0-470-08357-4 (Hardcover)},
    doi = {10.1002/9780470478509.neubb002057},
    keywords = {ERN, P300, antisocial personality, disinhibition, emotion, error‐related negativity, event‐related potentials, externalizing, fear, personality, psychopathy, startle, time‐frequency analysis}
}

@article{Bernat2015Time-frequencyTask,
    title = {{Time-frequency theta and delta measures index separable components of feedback processing in a gambling task}},
    year = {2015},
    journal = {Psychophysiology},
    author = {Bernat, Edward M. and Nelson, Lindsay D. and Baskin-Sommers, Arielle R.},
    number = {5},
    pages = {626--637},
    volume = {52},
    isbn = {1540-5958 (Electronic){\textbackslash}r0048-5772 (Linking)},
    doi = {10.1111/psyp.12390},
    issn = {14698986},
    pmid = {25581491},
    keywords = {Delta, ERP, Event-related potential, FN, Feedback negativity, Gambling, P300, Theta, Time-frequency analysis}
}

@article{Moran2014SendingControl,
    title = {{Sending mixed signals: Worry is associated with enhanced initial error processing but reduced call for subsequent cognitive control}},
    year = {2014},
    journal = {Social Cognitive and Affective Neuroscience},
    author = {Moran, Tim P. and Bernat, Ed M. and Aviyente, Selin and Schroder, Hans S. and Moser, Jason S.},
    number = {11},
    pages = {1548--1556},
    volume = {10},
    isbn = {1749-5016, 1749-5016},
    doi = {10.1093/scan/nsv046},
    issn = {17495024},
    pmid = {25925270},
    keywords = {Anxiety, Cognitive control, ERN, ERPs, Theta synchron}
}

@article{DelGiudice2016TheStudy,
    title = {{The Life History Model of Psychopathology Explains the  Structure of Psychiatric Disorders  and the Emergence of the p Factor:  A Simulation Study}},
    year = {2016},
    journal = {Clinical Psychological Science},
    author = {Del Giudice, Marco},
    number = {2},
    pages = {299--311},
    volume = {4}
}

@article{Sehlmeyer2010ERPTraits,
    title = {{ERP indices for response inhibition are related to anxiety-related personality traits}},
    year = {2010},
    journal = {Neuropsychologia},
    author = {Sehlmeyer, C. and Konrad, C. and Zwitserlood, P. and Arolt, V. and Falkenstein, M. and Beste, C.},
    number = {9},
    pages = {2488--2495},
    volume = {48},
    keywords = {Anxiety sensitivity, Event-related potentials (ERPs), Nogo-N2, Nogo-P3, Response inhibition, Trait anxiety}
}

@article{Samar1995MultiresolutionDecomposition,
    title = {{Multiresolution Analysis of Event-Related Potentials by Wavelet Decomposition}},
    year = {1995},
    journal = {Brain and Cognition},
    author = {Samar, V. J. and Swartz, K. P. and Raghuveer, M. R.},
    number = {3},
    pages = {398--438},
    volume = {27},
    doi = {http://dx.doi.org/10.1006/brcg.1995.1028}
}

@article{Samar1999WaveletTutorial,
    title = {{Wavelet Analysis of Neuroelectric Waveforms: A Conceptual Tutorial}},
    year = {1999},
    journal = {Brain and Language},
    author = {Samar, Vincent J and Bopardikar, Ajit and Rao, Raghuveer and Swartz, Kenneth},
    pages = {7--60},
    volume = {66},
    url = {http://www.idealibrary.com}
}

@article{Righi2009AnxietyCorrelates,
    title = {{Anxiety, cognitive self-evaluation and performance: ERP correlates}},
    year = {2009},
    journal = {Journal of Anxiety Disorders},
    author = {Righi, Stefania and Mecacci, Luciano and Viggiano, Maria Pia},
    number = {8},
    month = {12},
    pages = {1132--1138},
    volume = {23},
    url = {http://linkinghub.elsevier.com/retrieve/pii/S0887618509001492},
    doi = {10.1016/j.janxdis.2009.07.018},
    issn = {08876185}
}

@article{Gehring2002TheLosses,
    title = {{The medial frontal cortex and the rapid processing of monetary gains and losses}},
    year = {2002},
    journal = {Science},
    author = {Gehring, William J and Willoughby, Adrian R},
    number = {5563},
    pages = {2279--2282},
    volume = {295},
    url = {http://www.ncbi.nlm.nih.gov/pubmed/11910116},
    isbn = {1095-9203 (Electronic)},
    doi = {10.1126/science.1066893},
    issn = {1095-9203},
    pmid = {11910116},
    arxivId = {NIHMS150003},
    keywords = {Adult, Choice Behavior, Choice Behavior: physiology, Economics, Electroencephalography, Evoked Potentials, Evoked Potentials: physiology, Female, Gambling, Gambling: psychology, Gyrus Cinguli, Gyrus Cinguli: physiology, Humans, Male, Time Factors}
}

@article{Barry2009EvokedERPs,
    title = {{Evoked activity and EEG phase resetting in the genesis of auditory Go/NoGo ERPs}},
    year = {2009},
    journal = {Biological Psychology},
    author = {Barry, Robert J.},
    isbn = {1873-6246 (Electronic){\textbackslash}n0301-0511 (Linking)},
    doi = {10.1016/j.biopsycho.2008.10.009},
    issn = {03010511},
    pmid = {19028546},
    keywords = {EEG, ERP genesis, Go/NoGo paradigm, Phase resetting, Stimulus-processing evoked activity}
}

@article{Kamarajan2004TheAlcoholism,
    title = {{The role of brain oscillations as functional correlates of cognitive systems: A study of frontal inhibitory control in alcoholism}},
    year = {2004},
    journal = {International Journal of Psychophysiology},
    author = {Kamarajan, Chella and Porjesz, Bernice and Jones, Kevin A. and Choi, Keewhan and Chorlian, David B. and Padmanabhapillai, Ajayan and Rangaswamy, Madhavi and Stimus, Arthur T. and Begleiter, Henri},
    isbn = {0167-8760 (Print){\textbackslash}r0167-8760 (Linking)},
    doi = {10.1016/j.ijpsycho.2003.09.004},
    issn = {01678760},
    pmid = {14693365},
    keywords = {Alcoholism, Delta, Event-related oscillations, Go/No-Go, Inhibitory control, P300, Theta}
}

@article{Kamarajan2006Event-relatedAlcoholism,
    title = {{Event-related oscillations in offspring of alcoholics: Neurocognitive disinhibition as a risk for alcoholism}},
    year = {2006},
    journal = {Biological Psychiatry},
    author = {Kamarajan, Chella and Porjesz, Bernice and Jones, Kevin and Chorlian, David and Padmanabhapillai, Ajayan and Rangaswamy, Madhavi and Stimus, Arthur and Begleiter, Henri},
    isbn = {0006-3223},
    doi = {10.1016/j.biopsych.2005.08.017},
    issn = {00063223},
    pmid = {16213472},
    keywords = {Delta, Endophenotype, Event-related oscillations, Go/NoGo, Offspring of alcoholics, Theta}
}

@article{Kirmizi-Alsan2006ComparativeAttention,
    title = {{Comparative analysis of event-related potentials during Go/NoGo and CPT: Decomposition of electrophysiological markers of response inhibition and sustained attention}},
    year = {2006},
    journal = {Brain Research},
    author = {Kirmizi-Alsan, Elif and Bayraktaroglu, Zubeyir and Gurvit, Hakan and Keskin, Yasemin H. and Emre, Murat and Demiralp, Tamer},
    isbn = {0006-8993},
    doi = {10.1016/j.brainres.2006.03.010},
    issn = {00068993},
    pmid = {16824492},
    keywords = {Continuous performance task, Event-related potential, Go/NoGo, Response inhibition, Sustained attention, Time-frequency analysis}
}

@article{Egner2008MultipleBrain,
    title = {{Multiple conflict-driven control mechanisms in the human brain}},
    year = {2008},
    journal = {Trends in Cognitive Sciences},
    author = {Egner, Tobias},
    isbn = {1364-6613 (Print){\textbackslash}n1364-6613 (Linking)},
    doi = {10.1016/j.tics.2008.07.001},
    issn = {13646613},
    pmid = {18760657}
}

@article{Miller2001ANFUNCTION,
    title = {{AN INTEGRATIVE THEORY OF PREFRONTAL CORTEX FUNCTION}},
    year = {2001},
    author = {Miller, Earl K and Cohen, Jonathan D},
    keywords = {attention, cognition, executive control, frontal lobes, working memory}
}

@article{Cooper2011,
    title = {{Cooper Shallice 2011}}
}

@article{Smith2013.,
    title = {{Smith, E. E., {\&}amp; Kosslyn, S. M. (2013).}}
}

@article{Kosslyn1994.,
    title = {{Kosslyn, S. M. (1994).}}
}

@article{Marr2000.,
    title = {{Marr, D. (2000).}}
}

@article{Armstrong1983WhatBe,
    title = {{What some concepts might not be}},
    year = {1983},
    journal = {Cognition},
    author = {Armstrong, Sharon Lee and Gleitman, Lila R. and Gleitman, Henry},
    isbn = {0262133539},
    doi = {10.1016/0010-0277(83)90012-4},
    issn = {00100277},
    pmid = {6683139}
}

@article{CaramazzaEmbodiedAssessment,
    title = {{Embodied Cognition and Mirror Neurons: A Critical Assessment}},
    author = {Caramazza, Alfonso and Anzellotti, Stefano and Strnad, Lukas and Lingnau, Angelika},
    doi = {10.1146/annurev-neuro-071013-013950},
    keywords = {action understanding, concepts, embodied cognition, mirror neurons, simulation}
}

@article{Mervis1981.,
    title = {{Mervis, C. B., {\&}amp; Rosch, E. (1981).}}
}

@misc{Pylyshyn2003ReturnBrain,
    title = {{Return of the mental image: Are there really pictures in the brain?}},
    year = {2003},
    booktitle = {Trends in Cognitive Sciences},
    author = {Pylyshyn, Zenon},
    isbn = {- 1364-6613},
    doi = {10.1016/S1364-6613(03)00003-2},
    issn = {13646613},
    pmid = {12639692}
}

@article{Dennett1988,
    title = {{Dennett 1988}}
}

@article{Nagel1974,
    title = {{Nagel 1974}}
}

@misc{Pulvermuller2013HowSemantics,
    title = {{How neurons make meaning: Brain mechanisms for embodied and abstract-symbolic semantics}},
    year = {2013},
    booktitle = {Trends in Cognitive Sciences},
    author = {Pulverm{\"{u}}ller, Friedemann},
    isbn = {1364-6613},
    doi = {10.1016/j.tics.2013.06.004},
    issn = {13646613},
    pmid = {23932069},
    arxivId = {NIHMS150003}
}

@article{PrinzIsModular,
    title = {{Is the mind really modular?}},
    author = {Prinz, Jesse J}
}

@misc{Nisbett2005ThePerception,
    title = {{The influence of culture: Holistic versus analytic perception}},
    year = {2005},
    booktitle = {Trends in Cognitive Sciences},
    author = {Nisbett, Richard E. and Miyamoto, Yuri},
    isbn = {1364-6613},
    doi = {10.1016/j.tics.2005.08.004},
    issn = {13646613},
    pmid = {16129648}
}

@article{Kanwisher2000.,
    title = {{Kanwisher, N. (2000).}}
}

@article{Pylyshyn1999.,
    title = {{Pylyshyn, Z. (1999).}}
}

@misc{Dahl2014DefinitionsMorality,
    title = {{Definitions and developmental processes in research on infant morality}},
    year = {2014},
    booktitle = {Human Development},
    author = {Dahl, Audun},
    isbn = {0018-716X},
    doi = {10.1159/000364919},
    issn = {14230054},
    pmid = {2014565380},
    keywords = {Infancy, Looking-time methodology, Moral development}
}

@misc{Hamlin2008SocialInfants,
    title = {{Social evaluation by preverbal infants}},
    year = {2008},
    booktitle = {Pediatric Research},
    author = {Hamlin, J. Kiley and Wynn, Karen and Bloom, Paul},
    isbn = {0028-0836},
    doi = {10.1203/PDR.0b013e318168c6e5},
    issn = {00313998},
    pmid = {18033298}
}

@book{Fodor1983ThePsychology.,
    title = {{The modularity of mind: An essay on faculty psychology.}},
    year = {1983},
    author = {Fodor, J. A.}
}

@article{Pullum1989TheHoax.,
    title = {{The great Eskimo vocabulary hoax.}},
    year = {1989},
    journal = {Natural Language {\&} Linguistic Theory},
    author = {Pullum, G. K.},
    pages = {275--281}
}

@article{Tarr2000FFA:Expertise.,
    title = {{FFA: a flexible fusiform area for subordinate-level visual processing automatized by expertise.}},
    year = {2000},
    journal = {Nature neuroscience},
    author = {Tarr, M. J. and Gauthier, I.},
    pages = {764--770},
    volume = {3}
}

@incollection{Whorf1941TheLanguage.,
    title = {{The relation of habitual thought and behavior to language.}},
    year = {1941},
    booktitle = {Sociolinguistics},
    author = {Whorf, B. L.},
    pages = {443--463},
    publisher = {Macmillan Education UK}
}

@article{Leslie2008TheConcepts,
    title = {{The generative basis of natural number concepts}},
    year = {2008},
    journal = {Trends in Cognitive Sciences},
    author = {Leslie, Alan M. and Gelman, Rochel and Gallistel, C. R.},
    isbn = {1364-6613 (Print)},
    doi = {10.1016/j.tics.2008.03.004},
    issn = {13646613},
    pmid = {18468942}
}

@incollection{Slobin1996FromSpeaking.,
    title = {{From thought and language to thinking for speaking.}},
    year = {1996},
    booktitle = {Rethinking linguistic relativity},
    author = {Slobin, D. I.},
    editor = {{J. J. Gumperz} and {S. C. Levinson}},
    pages = {70--96},
    publisher = {Cambridge University Press}
}

@article{Spaepen2011NumberModel,
    title = {{Number without a language model}},
    year = {2011},
    journal = {Proceedings of the National Academy of Sciences of the United States of America},
    author = {Spaepen, Elizabet and Coppola, Marie and Spelke, Elizabeth S and Carey, Susan E and Spaepena, Elizabet and Spelkeb Susan E Careyb, Elizabeth S and Goldin-Meadowa, Susan and by Susan Carey, Contributed E},
    number = {8},
    pages = {3163--3168},
    volume = {108},
    url = {http://www.jstor.org/stable/41060899 http://www.jstor.org/stable/41060899?seq=1&cid=pdf-reference#references_tab_contents http://about.jstor.org/terms}
}

@article{TverskyJudgmentBiases,
    title = {{Judgment under Uncertainty: Heuristics and Biases}},
    journal = {Source: Science, New Series},
    author = {Tversky, Amos and Kahneman, Daniel},
    number = {4157},
    pages = {1124--1131},
    volume = {185},
    url = {http://www.jstor.org/stable/1738360 http://www.jstor.org/page/info/about/policies/terms.jsp}
}

@incollection{Gigerenzer2011ReasoningRationality,
    title = {{Reasoning the Fast and Frugal Way: Models of Bounded Rationality}},
    year = {2011},
    booktitle = {Heuristics: The Foundations of Adaptive Behavior},
    author = {Gigerenzer, Gerd and Goldstein, Daniel G.},
    isbn = {9780199894727},
    doi = {10.1093/acprof:oso/9780199744282.003.0002},
    issn = {0033-295X},
    pmid = {8888650},
    keywords = {Decision making, Satisficing, Take-the-best}
}

@article{Tenenbaum2011HowAbstraction,
    title = {{How to Grow a Mind: Statistics, Structure, and Abstraction}},
    year = {2011},
    author = {Tenenbaum, Joshua B and Kemp, Charles and Griffiths, Thomas L and Goodman, Noah D},
    url = {http://www.sciencemag.org/content/331/6022/1279.full.html http://www.sciencemag.org/content/suppl/2011/03/08/331.6022.1279.DC1.html http://www.sciencemag.org/content/331/6022/1279.full.html#ref-list-1 http://www.sciencemag.org/cgi/collection/psychology},
    doi = {10.1126/science.1192788}
}

@article{Hirst2009Long-TermRetention,
    title = {{Long-Term Memory for the Terrorist Attack of September 11: Flashbulb Memories, Event Memories, and the Factors That Influence Their Retention}},
    year = {2009},
    journal = {Journal of Experimental Psychology: General {\textcopyright}},
    author = {Hirst, William and Phelps, Elizabeth A and Buckner, Randy L and Budson, Andrew E and Cuc, Alexandru and Gabrieli, John D E and Johnson, Marcia K and Lustig, Cindy and Lyle, Keith B and Mather, Mara and Meksin, Robert and Mitchell, Karen J and Ochsner, Kevin N and Schacter, Daniel L and Simons, Jon S and Vaidya, Chandan J},
    number = {2},
    pages = {161--176},
    volume = {138},
    publisher = {American Psychological Association},
    doi = {10.1037/a0015527},
    keywords = {emotional memory, event memory, flashbulb memories, long-term retention, memory practices}
}

@article{Brown1977FlashbulbMemories,
    title = {{Flashbulb memories}},
    year = {1977},
    journal = {Cognition},
    author = {Brown, R. and Kulik, J.},
    number = {1},
    pages = {73--99},
    volume = {5}
}

@article{Marcus2013HowCognition,
    title = {{How Robust Are Probabilistic Models of Higher-Level Cognition?}},
    year = {2013},
    journal = {Psychological science},
    author = {Marcus, G. F. and Davis, E},
    number = {12},
    pages = {2351--2360},
    volume = {24}
}

@article{Mcclelland1981AnFindings,
    title = {{An Interactive Activation Model of Context Effects in Letter Perception: Part 1. An Account of Basic Findings}},
    year = {1981},
    journal = {Psychological Review},
    author = {Mcclelland, James L and Rumelhart, David E},
    volume = {88}
}

@article{Sternberg1969TheMethod.,
    title = {{The discovery of processing stages: Extensions of Donders' method.}},
    year = {1969},
    journal = {Acta psychologica},
    author = {Sternberg, S.},
    pages = {276--315},
    volume = {30}
}

@article{StevenPinker2002TheTheory,
    title = {{The Words-and-Rules theory}},
    year = {2002},
    journal = {Trends in Cognitive Sciences},
    author = {{Steven Pinker} and {Michael T. Ullman}},
    number = {11},
    pages = {456--463},
    volume = {6}
}

@article{RumelhartOnVerbs,
    title = {{On Learning the Past Tenses of English Verbs}},
    author = {Rumelhart, David E and Mcclelland, James L}
}

@misc{Rand2013HumanCooperation,
    title = {{Human cooperation}},
    year = {2013},
    booktitle = {Trends in Cognitive Sciences},
    author = {Rand, David G. and Nowak, Martin A.},
    isbn = {1879-307X (Electronic){\textbackslash}r1364-6613 (Linking)},
    doi = {10.1016/j.tics.2013.06.003},
    issn = {13646613},
    pmid = {23856025}
}

@article{TimothyD.Griffiths2004TheObjects,
    title = {{The nature of auditory objects}},
    year = {2004},
    journal = {Nature Reviews},
    author = {{Timothy D. Griffiths} and {Jason D. Warre}},
    pages = {887--892},
    volume = {5}
}

@article{Rand2016CooperationDeliberation,
    title = {{Cooperation, fast and slow: Meta-analytic evidence for a theory of social heuristics and self-interested deliberation}},
    year = {2016},
    journal = {Psychological Science},
    author = {Rand, David G},
    doi = {10.1177/0956797616654455}
}

@book{Bergman1990AuditorySound.,
    title = {{Auditory scene analysis. The perceptual organisation of sound.}},
    year = {1990},
    author = {Bergman, A.}
}

@article{Hurtado2008DoesChildren,
    title = {{Does input influence uptake? Links between maternal talk, processing speed and vocabulary size in Spanish-learning children}},
    year = {2008},
    journal = {Developmental Science},
    author = {Hurtado, Nereyda and Marchman, Virginia A. and Fernald, Anne},
    isbn = {1363-755X},
    doi = {10.1111/j.1467-7687.2008.00768.x},
    issn = {1363755X},
    pmid = {19046145}
}

@article{NewmanInfantsAnalysis,
    title = {{Infants' Early Ability to Segment the Conversational Speech Signal Predicts Later Language Development: A Retrospective Analysis}},
    author = {Newman, Rochelle and Ratner, Nan Bernstein and Jusczyk, Ann Marie and Jusczyk, Peter W and Dow, Kathy Ayala},
    doi = {10.1037/0012-1649.42.4.643},
    keywords = {individual differences, infant, language development, outcomes, speech segmentation}
}

@article{Johnson2010HowWorld,
    title = {{How Infants Learn About the Visual World}},
    year = {2010},
    journal = {Cognitive Science},
    author = {Johnson, Scott P.},
    isbn = {2122633255},
    doi = {10.1111/j.1551-6709.2010.01127.x},
    issn = {03640213},
    pmid = {21116440},
    arxivId = {NIHMS150003},
    keywords = {Cognitive development, Infants, Learning, Models of development, Object perception, Visual development}
}

@article{Pullum2002Empirical1,
    title = {{Empirical assessment of stimulus poverty arguments 1}},
    year = {2002},
    journal = {The Linguistic Review},
    author = {Pullum, Geoffrey K and Scholz, Barbara C},
    pages = {9--50},
    volume = {19}
}

@article{Laurence2001TheArgument,
    title = {{The poverty of the stimulus argument}},
    year = {2001},
    journal = {British Journal for the Philosophy of Science},
    author = {Laurence, Stephen and Margolis, Eric},
    isbn = {0195123840},
    doi = {10.1093/bjps/52.2.217},
    issn = {00070882}
}

@article{HillsEvolutionaryTrade-Offs,
    title = {{Evolutionary Cognitive Trade-Offs}},
    author = {Hills, Thomas and Hertwig, Ralph}
}

@article{Farah2004NeurocognitiveDo,
    title = {{Neurocognitive enhancement: what can we do and what should we do?}},
    year = {2004},
    journal = {Nature reviews neuroscience},
    author = {Farah, Martha J. and {Judy Illes} and {Robert Cook-Deegan} and {Howard Gardner} and {Eric Kandel} and {Patricia King} and {Eric Parens} and {Barbara Sahakian} and {Paul Root Wolpe}},
    number = {5},
    volume = {5}
}

@article{RoedigerIiiScienceRemembering,
    title = {{Science Watch Implicit Memory Retention Without Remembering}},
    author = {Roediger Iii, Henry L}
}

@article{Huttenlocher2007CodingPrinciple,
    title = {{Coding location in enclosed spaces: Is geometry the principle?}},
    year = {2007},
    journal = {Developmental Science},
    author = {Huttenlocher, Janellen and Lourenco, Stella F.},
    isbn = {1467-7687},
    doi = {10.1111/j.1467-7687.2007.00609.x},
    issn = {1363755X},
    pmid = {17973790}
}

@misc{Rugg2003HumanPerspective,
    title = {{Human recognition memory: A cognitive neuroscience perspective}},
    year = {2003},
    booktitle = {Trends in Cognitive Sciences},
    author = {Rugg, Michael D. and Yonelinas, Andrew P.},
    isbn = {13646613},
    doi = {10.1016/S1364-6613(03)00131-1},
    issn = {13646613},
    pmid = {12860190}
}

@article{Cosmides1994OriginsOrganization,
    title = {{Origins of domain specificity: The evolution of functional organization}},
    year = {1994},
    author = {Cosmides, Leda and Tooby, John},
    publisher = {Cambridge University Press}
}

@article{Lee2010AChildren,
    title = {{A modular geometric mechanism for reorientation in children}},
    year = {2010},
    journal = {Cognitive Psychology},
    author = {Lee, Sang Ah and Spelke, Elizabeth S.},
    isbn = {1095-5623 (Electronic){\textbackslash}n0010-0285 (Linking)},
    doi = {10.1016/j.cogpsych.2010.04.002},
    issn = {00100285},
    pmid = {20570252},
    keywords = {Beacon homing, Geometry, Image matching, Modularity, Reorientation, Spatial navigation}
}

@article{LewontinChapterAnswer,
    title = {{Chapter 3 The Evolution of Cognition: Questions We Will Never Answer}},
    author = {Lewontin, Richard C}
}

@article{HauserTheEvolve,
    title = {{The Faculty of Language: What Is It, Who Has It, and How Did It Evolve?}},
    author = {Hauser, Marc D and Chomsky, Noam and Fitch, W Tecumseh}
}

@article{RichardP.Cooper2011TheColtheart,
    title = {{The roles of functional neuroimaging and cognitive neuropsychology in the development of cognitive theory: A reply to Coltheart,}},
    year = {2011},
    journal = {Cognitive Neuropsychology},
    author = {{Richard P. Cooper} and {Tim Shallic}},
    number = {6},
    pages = {403--413},
    volume = {28},
    doi = {10.1080/02643294.2012.679919}
}

@article{Fitch2005TheTo,
    title = {{The nature of the language faculty and its implications for evolution of language (Reply to}},
    year = {2005},
    journal = {Cognition},
    author = {Fitch, Chomsky and Jackendoff, Ray and Pinker, Steven},
    pages = {211--225},
    volume = {97},
    url = {www.elsevier.com/locate/COGNIT}
}

@incollection{SmithHowMind,
    title = {{How the brain gives rise to the mind}},
    booktitle = {2013},
    author = {Smith, E. E. and Kosslyn, S. M.}
}

@article{Shallice2011CognitiveNeuropsychology,
    title = {{Cognitive Neuropsychology}},
    year = {2011},
    journal = {Online) Journal},
    author = {Shallice, Tim and Cooper, Richard P},
    pages = {1464--627},
    volume = {homepage},
    publisher = {Oxford University Press},
    url = {http://www.tandfonline.com/action/journalInformation?journalCode=pcgn20 http://www.tandfonline.com/loi/pcgn20 http://dx.doi.org/10.1080/02643294.2012.666964},
    isbn = {978-0-19-957924-2},
    doi = {10.1080/02643294.2012.666964},
    issn = {0264-3294}
}

@article{Armstrong1983WhatBeb,
    title = {{What some concepts might not be}},
    year = {1983},
    journal = {Cognition},
    author = {Armstrong, Sharon Lee and Gleitman, Lila R. and Gleitman, Henry},
    isbn = {0262133539},
    doi = {10.1016/0010-0277(83)90012-4},
    issn = {00100277},
    pmid = {6683139}
}

@book{Kosslyn1994ImageDebate,
    title = {{Image and brain: The resolution of the imagery debate}},
    year = {1994},
    author = {Kosslyn, S. M.},
    publisher = {MIT Press}
}

@incollection{Dennett1988QuiningQualia,
    title = {{Quining qualia}},
    year = {1988},
    booktitle = {Consciousness in contemporary science.},
    author = {Dennett, Daniel C.},
    editor = {Marcel, A. J. and Bisiach, E.},
    publisher = {Oxford University Press}
}

@article{CaramazzaEmbodiedAssessmentb,
    title = {{Embodied Cognition and Mirror Neurons: A Critical Assessment}},
    author = {Caramazza, Alfonso and Anzellotti, Stefano and Strnad, Lukas and Lingnau, Angelika},
    doi = {10.1146/annurev-neuro-071013-013950},
    keywords = {action understanding, concepts, embodied cognition, mirror neurons, simulation}
}

@misc{Pulvermuller2013HowSemanticsb,
    title = {{How neurons make meaning: Brain mechanisms for embodied and abstract-symbolic semantics}},
    year = {2013},
    booktitle = {Trends in Cognitive Sciences},
    author = {Pulverm{\"{u}}ller, Friedemann},
    isbn = {1364-6613},
    doi = {10.1016/j.tics.2013.06.004},
    issn = {13646613},
    pmid = {23932069},
    arxivId = {NIHMS150003}
}

@article{Mervis1981CategorizationObjects.,
    title = {{Categorization of natural objects.}},
    year = {1981},
    journal = {Annual review of psychology},
    author = {Mervis, C. B. and Rosch, E.},
    number = {1},
    pages = {89--115},
    volume = {32}
}

@article{Nagel1974WhatBat,
    title = {{What is it like to be a bat?}},
    year = {1974},
    journal = {The philosophical review},
    author = {Nagel, T.},
    number = {4},
    pages = {435--450},
    volume = {83}
}

@misc{Pylyshyn2003ReturnBrainb,
    title = {{Return of the mental image: Are there really pictures in the brain?}},
    year = {2003},
    booktitle = {Trends in Cognitive Sciences},
    author = {Pylyshyn, Zenon},
    isbn = {- 1364-6613},
    doi = {10.1016/S1364-6613(03)00003-2},
    issn = {13646613},
    pmid = {12639692}
}

@incollection{Marr1982Vision,
    title = {{Vision}},
    year = {1982},
    author = {Marr, D.},
    pages = {69--83},
    publisher = {Freeman and company}
}

@article{Gomarus2006TheStudy,
    title = {{The effects of memory load and stimulus relevance on the EEG during a visual selective memory search task: An ERP and ERD/ERS study}},
    year = {2006},
    journal = {Clinical Neurophysiology},
    author = {Gomarus, H. Karin and Althaus, Monika and Wijers, Albertus A. and Minderaa, Ruud B.},
    number = {4},
    pages = {871--884},
    volume = {117},
    doi = {10.1016/j.clinph.2005.12.008}
}

@article{SupplementDisorders,
    title = {{Supplement 2 Personality disorders}}
}

@article{SupplementProcess,
    title = {{Supplement 1 Systematic Search Process}}
}

@article{SupplementGroups,
    title = {{Supplement 4 Invariance across Groups}}
}

@article{SupplementBehavior,
    title = {{Supplement 3 First Order Dimensions of Behavior}}
}

@article{Edited2015_0046_R2,
    title = {{Edited Final Hierarchical Causal Taxonomy of Psychopathology 2015{\_}0046{\_}R2}}
}

@article{HierarchicalCausalTaxonomyofPsychopathology2015,
    title = {{HierarchicalCausalTaxonomyofPsychopathology2015}}
}

@article{Bizley2013ThePerception,
    title = {{The what, where and how of auditory-object perception}},
    year = {2013},
    author = {Bizley, Jennifer K and Cohen, Yale E},
    doi = {10.1038/nrn3565}
}

@article{SpelkeNATIVISMKNOWlEDGE,
    title = {{NATIVISM, EMPIRICISM, AND THE ORIGINS OF KNOWlEDGE}},
    author = {Spelke, Elizabeth S}
}

@article{Johnson2010HowWorldb,
    title = {{How Infants Learn About the Visual World}},
    year = {2010},
    journal = {Cognitive Science},
    author = {Johnson, Scott P.},
    isbn = {2122633255},
    doi = {10.1111/j.1551-6709.2010.01127.x},
    issn = {03640213},
    pmid = {21116440},
    arxivId = {NIHMS150003},
    keywords = {Cognitive development, Infants, Learning, Models of development, Object perception, Visual development}
}

@misc{Rugg2003HumanPerspectiveb,
    title = {{Human recognition memory: A cognitive neuroscience perspective}},
    year = {2003},
    booktitle = {Trends in Cognitive Sciences},
    author = {Rugg, Michael D. and Yonelinas, Andrew P.},
    isbn = {13646613},
    doi = {10.1016/S1364-6613(03)00131-1},
    issn = {13646613},
    pmid = {12860190}
}

@article{RoedigerIiiScienceRememberingb,
    title = {{Science Watch Implicit Memory Retention Without Remembering}},
    author = {Roediger Iii, Henry L}
}

@article{29Ch5,
    title = {{29 - Fodor (2001) Ch5}}
}

@article{Lavie1995PerceptualAttention,
    title = {{Perceptual Load as a Necessary Condition for Selective Attention}},
    year = {1995},
    journal = {Journal of Experimental Psychology: Human Perception and Performance Keele {\&} Neill},
    author = {Lavie, Nilli},
    number = {3},
    pages = {451--468},
    volume = {21},
    publisher = {Snyder Sperling Von Wright Miller Posner {\&} Snyder}
}

@article{LavieLoadControl,
    title = {{Load Theory of Selective Attention and Cognitive Control}},
    author = {Lavie, Nilli and Hirst, Aleksandra and De Fockert, Jan W and Viding, Essi},
    doi = {10.1037/0096-3445.133.3.339}
}

@article{LuckAnOrigins,
    title = {{An Introduction to Event-Related Potentials and Their Neural Origins}},
    author = {{Luck}}
}

@article{KruegerLinkingSpectrum,
    title = {{Linking Antisocial Behavior, Substance Use, and Personality: An Integrative Quantitative Model of the Adult Externalizing Spectrum}},
    author = {Krueger, Robert F and Markon, Kristian E and Patrick, Christopher J and Benning, Stephen D and Kramer, Mark D},
    doi = {10.1037/0021-843X.116.4.645},
    keywords = {aggression, alcohol, classification, drug, impulsivity}
}

@article{DerringerAgeAdolescents,
    title = {{Age and Sex Effects on the Etiology of Substance use in Adolescents}},
    author = {Derringer, Jaime L and Krueger, Robert F and Iacono, William G and Mcgue, Matthew K}
}

@article{Begleiter1984Event-relatedAlcoholism,
    title = {{Event-related brain potentials in boys at risk for alcoholism}},
    year = {1984},
    journal = {Science},
    author = {Begleiter, H. and Porjesz, B. and Bihari, B. and Kissin, B.},
    number = {4669},
    pages = {1493--1496},
    volume = {225}
}

@article{HallExternalizingNegativity,
    title = {{Externalizing Psychopathology and the Error-Related Negativity}},
    author = {Hall, Jason R and Bernat, Edward M and Patrick, Christopher J}
}

@article{Nelson2011OperationalizingPhenotype,
    title = {{Operationalizing proneness to externalizing psychopathology as a multivariate psychophysiological phenotype}},
    year = {2011},
    journal = {Psychophysiology},
    author = {Nelson, Lindsay D. and Patrick, Christopher J. and Bernat, Edward M.},
    isbn = {1540-5958 (Electronic){\textbackslash}r0048-5772 (Linking)},
    doi = {10.1111/j.1469-8986.2010.01047.x},
    issn = {00485772},
    pmid = {20573054},
    arxivId = {NIHMS150003},
    keywords = {Disinhibition, Event-related potential, Externalizing, Feedback-related negativity, P300}
}

@article{Patrick2006P300Males,
    title = {{P300 amplitude as an indicator of externalizing in adolescent males}},
    year = {2006},
    journal = {Psychophysiology},
    author = {Patrick, Christopher J. and Bernat, Edward M. and Malone, Stephen M. and Iacono, William G. and Krueger, Robert F. and McGue, Matt},
    isbn = {2156623929},
    doi = {10.1111/j.1469-8986.2006.00376.x},
    issn = {00485772},
    pmid = {1000000221},
    arxivId = {NIHMS150003},
    keywords = {Externalizing, P300, Psychopathology}
}

@article{Linden2005TheUs,
    title = {{The P300: where in the brain is it produced and what does it tell us?}},
    year = {2005},
    journal = {The Neuroscientist},
    author = {Linden, David EJ.},
    number = {6},
    pages = {563--576},
    volume = {11}
}

@article{Hall2007ExternalizingNegativityb,
    title = {{Externalizing psychopathology and the error-related negativity}},
    year = {2007},
    journal = {Psychological Science},
    author = {Hall, Jason R. and Bernat, Edward M. and Patrick, Christopher J.},
    isbn = {0956-7976 (Print)},
    doi = {10.1111/j.1467-9280.2007.01899.x},
    issn = {09567976},
    pmid = {17470258}
}

@article{Pritchard1981PsychophysiologyP300,
    title = {{Psychophysiology of P300}},
    year = {1981},
    journal = {Psychological Bulletin},
    author = {Pritchard, Walter S},
    number = {3},
    pages = {506--540},
    volume = {89}
}

@article{Chernyshev2013Temperament:Paradigm,
    title = {{Temperament: An event-related potential study using the oddball paradigm}},
    year = {2013},
    journal = {Psychology and Neuroscience},
    author = {Chernyshev, Boris Vladimirovich and Lazarev, Ivan Evgenyevich and Chernysheva, Elena Georgievna},
    doi = {10.3922/j.psns.2013.3.01},
    issn = {19843054},
    keywords = {Attention, Electroencephalogram, Event-related potentials, Personality, Temperament}
}

@article{Bernat2007DecomposingPCA,
    title = {{Decomposing delta, theta, and alpha time-frequency ERP activity from a visual oddball task using PCA}},
    year = {2007},
    journal = {International Journal of Psychophysiology},
    author = {Bernat, Edward M. and Malone, Stephen M. and Williams, William J. and Patrick, Christopher J. and Iacono, William G.},
    isbn = {0167-8760 (Print){\textbackslash}r0167-8760 (Linking)},
    doi = {10.1016/j.ijpsycho.2006.07.015},
    issn = {01678760},
    pmid = {17027110},
    keywords = {ERP, P300, PCA, Time-frequency}
}

@book{Luck2014AnOrigins,
    title = {{An Introduction to Event-Related Potentials and Their Neural Origins}},
    year = {2014},
    author = {Luck, Steven J.},
    publisher = {MIT press}
}

@article{Greenwald1997InternationalRatings,
    title = {{International Affective Picture System (IAPS): Technical Manual and Affective Ratings}},
    year = {1997},
    journal = {NIMH Center for the Study of Emotion and Attention},
    author = {Greenwald, Mark and dhman, Arne and Vaid, Dieter and Hamm, Alfons and Cook, Ed and Bertron, Andy and Petry, Margaret and Bruner, Rob and McManis, Mark and Zabaldo, Deana and Martinet Scott Cuthbert, Shelley and Ray, Debbie and Koller, Kathy and Kolchakian, Misty and Hayden, Sarah}
}